@article{kempe2011entangled,
  title={Entangled games are hard to approximate},
  author={Kempe, Julia and Kobayashi, Hirotada and Matsumoto, Keiji and Toner, Ben and Vidick, Thomas},
  journal={SIAM Journal on Computing},
  volume={40},
  number={3},
  pages={848--877},
  year={2011},
  publisher={SIAM}
}

@inproceedings{ito2009oracularization,
  title={Oracularization and two-prover one-round interactive proofs against nonlocal strategies},
  author={Ito, Tsuyoshi and Kobayashi, Hirotada and Matsumoto, Keiji},
  booktitle={2009 24th Annual IEEE Conference on Computational Complexity},
  pages={217--228},
  year={2009},
  organization={IEEE}
}

@article{kazhdan1982e,
  title={On É›-representations},
  author={Kazhdan, David},
  journal={Israel Journal of Mathematics},
  volume={43},
  number={4},
  pages={315--323},
  year={1982},
  publisher={Springer}
}


@article{ji2020quantum,
  title={Quantum soundness of the classical low individual degree test},
  author={Ji, Zhengfeng and Natarajan, Anand and Vidick, Thomas and Wright, John and Yuen, Henry},
  journal={arXiv preprint arXiv:2009.12982},
  year={2020}
}

@inproceedings{yuen2016parallel,
  title={A Parallel Repetition Theorem for All Entangled Games},
  author={Yuen, Henry},
  booktitle={43rd International Colloquium on Automata, Languages, and Programming (ICALP 2016)},
  year={2016},
  organization={Schloss Dagstuhl-Leibniz-Zentrum fuer Informatik}
}

@article{junge2011connes,
  title={Connes' embedding problem and {T}sirelson's problem},
  author={Junge, Marius and Navascues, Miguel and Palazuelos, Carlos and Perez-Garcia, David and Scholz, Volkher B and Werner, Reinhard F},
  journal={Journal of Mathematical Physics},
  volume={52},
  number={1},
  pages={012102},
  year={2011},
  publisher={AIP}
}

@article{ozawa2012connes,
  title={About the {C}onnes embedding conjecture},
  author={Ozawa, Narutaka},
  journal={Japanese Journal of Mathematics},
  volume={8},
  number={1},
  pages={147--183},
  year={2013},
  publisher={Springer}
}

@Inbook{Capraro2015,
author="Capraro, Valerio",
title="Connes' Embedding Conjecture",
bookTitle="Introduction to Sofic and Hyperlinear Groups and Connes' Embedding Conjecture",
year="2015",
publisher="Springer International Publishing",
address="Cham",
pages="73--107",
isbn="978-3-319-19333-5",
doi="10.1007/978-3-319-19333-5_3",
url="https://doi.org/10.1007/978-3-319-19333-5_3"
}

@article{connes1976classification,
  title={Classification of injective factors Cases {II}$_1$, {II}$_\infty$, {III}$_\lambda$, $\lambda \ne 1$},
  author={Connes, Alain},
  journal={Annals of Mathematics},
  pages={73--115},
  year={1976},
  publisher={JSTOR}
}

@article{fritz2012tsirelson,
  title={Tsirelson's problem and {K}irchberg's conjecture},
  author={Fritz, Tobias},
  journal={Reviews in Mathematical Physics},
  volume={24},
  number={05},
  pages={1250012},
  year={2012},
  publisher={World Scientific}
}

@article{von1932mathematische,
  title={Mathematische Grundlagen der Quantenmechanik},
  author={Von Neumann, J},
  year={1932},
  publisher={Springer}
}

@article{kirchberg1993non,
  title={On non-semisplit extensions, tensor products and exactness of group ${C}^*$-algebras},
  author={Kirchberg, Eberhard},
  journal={Inventiones mathematicae},
  volume={112},
  number={1},
  pages={449--489},
  year={1993},
  publisher={Springer}
}

@article{coladangelo2018unconditional,
  title={Unconditional separation of finite and infinite-dimensional quantum correlations},
  author={Coladangelo, Andrea and Stark, Jalex},
  journal={arXiv preprint arXiv:1804.05116},
  year={2018}
}

@inproceedings{slofstra2019set,
  title={The set of quantum correlations is not closed},
  author={Slofstra, William},
  booktitle={Forum of Mathematics, Pi},
  volume={7},
  year={2019},
  organization={Cambridge University Press}
}

@article{tsirelson1993some,
  title={Some results and problems on quantum {B}ell-type inequalities},
  author={Tsirelson, Boris S},
  journal={Hadronic Journal Supplement},
  volume={8},
  number={4},
  pages={329--345},
  year={1993}
}


@book{arora2009computational,
  title={Computational complexity: a modern approach},
  author={Arora, Sanjeev and Barak, Boaz},
  year={2009},
  publisher={Cambridge University Press}
}

@article{navascues2008convergent,
  title={A convergent hierarchy of semidefinite programs characterizing the set of quantum correlations},
  author={Navascu{\'e}s, Miguel and Pironio, Stefano and Ac{\'\i}n, Antonio},
  journal={New Journal of Physics},
  volume={10},
  number={7},
  pages={073013},
  year={2008},
  publisher={IOP Publishing}
}

@inproceedings{natarajan2019neexp,
  title={NEEXP is Contained in MIP},
  author={Natarajan, Anand and Wright, John},
  booktitle={2019 IEEE 60th Annual Symposium on Foundations of Computer Science (FOCS)},
  pages={510--518},
  year={2019},
  organization={IEEE}
}

@article{shamir1992ip,
  title={{IP}= {PSPACE}},
  author={Shamir, Adi},
  journal={Journal of the ACM (JACM)},
  volume={39},
  number={4},
  pages={869--877},
  year={1992},
  publisher={ACM New York, NY, USA}
}

@inproceedings{ito2012multi,
  title={A multi-prover interactive proof for NEXP sound against entangled provers},
  author={Ito, Tsuyoshi and Vidick, Thomas},
  booktitle={2012 IEEE 53rd Annual Symposium on Foundations of Computer Science},
  pages={243--252},
  year={2012},
  organization={IEEE}
}

@article{ozawa2013connes,
  title={About the Connes embedding conjecture},
  author={Ozawa, Narutaka},
  journal={Japanese Journal of Mathematics},
  volume={8},
  number={1},
  pages={147--183},
  year={2013},
  publisher={Springer}
}

@article{vidick2019operator,
  title={From Operator Algebras to Complexity Theory and Back},
  author={Vidick, Thomas},
  journal={Notices of the American Mathematical Society},
  volume={66},
  number={10},
  year={2019}
}

@article{junge2011large,
  title={Large violation of Bell inequalities with low entanglement},
  author={Junge, Marius and Palazuelos, Carlos},
  journal={Communications in Mathematical Physics},
  volume={306},
  number={3},
  pages={695},
  year={2011},
  publisher={Springer}
}

@article{ji2013binary,
  title={Binary constraint system games and locally commutative reductions},
  author={Ji, Zhengfeng},
  journal={arXiv preprint arXiv:1310.3794},
  year={2013}
}

@article{lund1992algebraic,
  title={Algebraic methods for interactive proof systems},
  author={Lund, Carsten and Fortnow, Lance and Karloff, Howard and Nisan, Noam},
  journal={Journal of the ACM (JACM)},
  volume={39},
  number={4},
  pages={859--868},
  year={1992},
  publisher={ACM New York, NY, USA}
}

@article{ji2021mip,
  title={{MIP}$^*$= {RE}},
  author={Ji, Zhengfeng and Natarajan, Anand and Vidick, Thomas and Wright, John and Yuen, Henry},
  journal={Communications of the ACM},
  volume={64},
  number={11},
  pages={131--138},
  year={2021},
  publisher={ACM New York, NY, USA}
}

@article{blum1993self,
  title={Self-testing/correcting with applications to numerical problems},
  author={Blum, Manuel and Luby, Michael and Rubinfeld, Ronitt},
  journal={Journal of computer and system sciences},
  volume={47},
  number={3},
  pages={549--595},
  year={1993},
  publisher={Elsevier}
}


@article{cleve2017perfect,
  title={Perfect commuting-operator strategies for linear system games},
  author={Cleve, Richard and Liu, Li and Slofstra, William},
  journal={Journal of Mathematical Physics},
  volume={58},
  number={1},
  pages={012202},
  year={2017},
  publisher={AIP Publishing LLC}
}

@inproceedings{cleve2014characterization,
  title={Characterization of binary constraint system games},
  author={Cleve, Richard and Mittal, Rajat},
  booktitle={International Colloquium on Automata, Languages, and Programming},
  pages={320--331},
  year={2014},
  organization={Springer}
}

@article{coladangelo2017robust,
  title={Robust self-testing for linear constraint system games},
  author={Coladangelo, Andrea and Stark, Jalex},
  journal={arXiv preprint arXiv:1709.09267},
  year={2017}
}

@article{fitzsimons2017private,
  title={Private quantum computation: an introduction to blind quantum computing and related protocols},
  author={Fitzsimons, Joseph F},
  journal={npj Quantum Information},
  volume={3},
  number={1},
  pages={23},
  year={2017},
  publisher={Nature Publishing Group}
}

@article{gheorghiu2017verification,
  title={Verification of quantum computation: An overview of existing approaches},
  author={Gheorghiu, Alexandru and Kapourniotis, Theodoros and Kashefi, Elham},
  journal={arXiv preprint arXiv:1709.06984},
  year={2017}
}

@article{abadi1989hiding,
  title={On hiding information from an oracle},
  author={Abadi, Martin and Feigenbaum, Joan and Kilian, Joe},
  journal={Journal of Computer and System Sciences},
  volume={39},
  number={1},
  pages={21--50},
  year={1989},
  publisher={Elsevier}
}

@inproceedings{reingold2016constant,
  title={Constant-round interactive proofs for delegating computation},
  author={Reingold, Omer and Rothblum, Guy N and Rothblum, Ron D},
  booktitle={Proceedings of the forty-eighth annual ACM symposium on Theory of Computing},
  pages={49--62},
  year={2016},
  organization={ACM}
}

@inproceedings{kalai2014delegate,
  title={How to delegate computations: the power of no-signaling proofs},
  author={Kalai, Yael Tauman and Raz, Ran and Rothblum, Ron D},
  booktitle={Proceedings of the forty-sixth annual ACM symposium on Theory of computing},
  pages={485--494},
  year={2014},
  organization={ACM}
}

@inproceedings{goldwasser2008delegating,
  title={Delegating computation: interactive proofs for muggles},
  author={Goldwasser, Shafi and Kalai, Yael Tauman and Rothblum, Guy N},
  booktitle={Proceedings of the fortieth annual ACM symposium on Theory of computing},
  pages={113--122},
  year={2008},
  organization={ACM}
}

@inproceedings{gentry2009fully,
  title={Fully homomorphic encryption using ideal lattices.},
  author={Gentry, Craig},
  booktitle={STOC},
  volume={9},
  number={2009},
  pages={169--178},
  year={2009}
}

@article{childs2001secure,
  title={Secure assisted quantum computation},
  author={Childs, Andrew M},
  journal={arXiv preprint quant-ph/0111046},
  year={2001}
}

@article{aharonov2017interactive,
  title={Interactive proofs for quantum computations},
  author={Aharonov, Dorit and Ben-Or, Michael and Eban, Elad and Mahadev, Urmila},
  journal={arXiv preprint arXiv:1704.04487},
  year={2017}
}

@article{aharonov2008interactive,
  title={Interactive Proofs For Quantum Computations},
  author={Aharonov, Dorit and Ben-Or, Michael and Eban, Elad},
  journal={arXiv preprint arXiv:0810.5375},
  year={2008}
}

@inproceedings{broadbent2009universal,
  title={Universal blind quantum computation},
  author={Broadbent, Anne and Fitzsimons, Joseph and Kashefi, Elham},
  booktitle={Foundations of Computer Science, 2009. FOCS'09. 50th Annual IEEE Symposium on},
  pages={517--526},
  year={2009},
  organization={IEEE}
}

@article{morimae2016post,
  title={Post hoc verification with a single prover},
  author={Morimae, Tomoyuki and Fitzsimons, Joseph F},
  journal={arXiv preprint arXiv:1603.06046},
  year={2016}
}

@article{mahadev2017classical,
  title={Classical Homomorphic Encryption for Quantum Circuits},
  author={Mahadev, Urmila},
  journal={arXiv preprint arXiv:1708.02130},
  year={2017}
}

@article{aaronson2017implausibility,
  title={On the implausibility of classical client blind quantum computing},
  author={Aaronson, Scott and Cojocaru, Alexandru and Gheorghiu, Alexandru and Kashefi, Elham},
  journal={arXiv preprint arXiv:1704.08482},
  year={2017}
}

@article{newman2017limitations,
  title={Limitations on Transversal Computation through Quantum Homomorphic Encryption},
  author={Newman, Michael and Shi, Yaoyun},
  journal={arXiv preprint arXiv:1704.07798},
  year={2017}
}

@inproceedings{cleve2004consequences,
  title={Consequences and limits of nonlocal strategies},
  author={Cleve, Richard and Hoyer, Peter and Toner, Benjamin and Watrous, John},
  booktitle={Computational Complexity, 2004. Proceedings. 19th IEEE Annual Conference on},
  pages={236--249},
  year={2004},
  organization={IEEE}
}

@article{mckague2012robust,
  title={Robust self-testing of the singlet},
  author={McKague, Matthew and Yang, Tzyh Haur and Scarani, Valerio},
  journal={Journal of Physics A: Mathematical and Theoretical},
  volume={45},
  number={45},
  pages={455304},
  year={2012},
  publisher={IOP Publishing}
}

@inproceedings{summers1988maximal,
  title={Maximal violation of Bell's inequalities for algebras of observables in tangent spacetime regions},
  author={Summers, Stephen J and Werner, Reinhard},
  booktitle={Annales de l'Institut Henri Poincare Physique Theorique},
  volume={49},
  number={2},
  pages={215--243},
  year={1988}
}

@article{gowers2015inverse,
  title={Inverse and stability theorems for approximate representations of finite groups},
  author={Gowers, William Timothy and Hatami, Omid},
  journal={arXiv preprint arXiv:1510.04085},
  year={2015}
}

@article{natarajan2016robust,
  title={Robust self-testing of many-qubit states},
  author={Natarajan, Anand and Vidick, Thomas},
  journal={arXiv preprint arXiv:1610.03574},
  year={2016}
}

@article{reichardt2012classical,
  title={A classical leash for a quantum system: Command of quantum systems via rigidity of CHSH games},
  author={Reichardt, Ben W and Unger, Falk and Vazirani, Umesh},
  journal={arXiv preprint arXiv:1209.0448},
  year={2012}
}

@article{broadbent2015verify,
  title={How to verify a quantum computation},
  author={Broadbent, Anne},
  journal={arXiv preprint arXiv:1509.09180},
  year={2015}
}

@article{grilo2017relativistic,
  title={Relativistic verifiable delegation of quantum computation},
  author={Grilo, Alex B},
  journal={arXiv preprint arXiv:1711.09585},
  year={2017}
}

@inproceedings{ji2016classical,
  title={Classical verification of quantum proofs},
  author={Ji, Zhengfeng},
  booktitle={Proceedings of the forty-eighth annual ACM symposium on Theory of Computing},
  pages={885--898},
  year={2016},
  organization={ACM}
}

@article{kobayashi2003quantum,
  title={Quantum multi-prover interactive proof systems with limited prior entanglement},
  author={Kobayashi, Hirotada and Matsumoto, Keiji},
  journal={Journal of Computer and System Sciences},
  volume={66},
  number={3},
  pages={429--450},
  year={2003},
  publisher={Elsevier}
}

@article{ito2010polynomial,
  title={Polynomial-space approximation of no-signaling provers},
  author={Ito, Tsuyoshi},
  journal={Automata, Languages and Programming},
  pages={140--151},
  year={2010},
  publisher={Springer}
}

@article{gottesman1998heisenberg,
  title={The Heisenberg representation of quantum computers},
  author={Gottesman, Daniel},
  journal={arXiv preprint quant-ph/9807006},
  year={1998}
}

@article{feynman1982simulating,
  title={Simulating physics with computers},
  author={Feynman, Richard P},
  journal={International journal of theoretical physics},
  volume={21},
  number={6},
  pages={467--488},
  year={1982},
  publisher={Springer}
}

@inproceedings{dunjko2014composable,
  title={Composable security of delegated quantum computation},
  author={Dunjko, Vedran and Fitzsimons, Joseph F and Portmann, Christopher and Renner, Renato},
  booktitle={International Conference on the Theory and Application of Cryptology and Information Security},
  pages={406--425},
  year={2014},
  organization={Springer}
}

@inproceedings{babai1991checking,
  title={Checking computations in polylogarithmic time},
  author={Babai, L{\'a}szl{\'o} and Fortnow, Lance and Levin, Leonid A and Szegedy, Mario},
  booktitle={Proceedings of the twenty-third annual ACM symposium on Theory of computing},
  pages={21--32},
  year={1991},
  organization={ACM}
}

@inproceedings{ben1988multi,
  title={Multi-prover interactive proofs: How to remove intractability assumptions},
  author={Ben-Or, Michael and Goldwasser, Shafi and Kilian, Joe and Wigderson, Avi},
  booktitle={Proceedings of the twentieth annual ACM symposium on Theory of computing},
  pages={113--131},
  year={1988},
  organization={ACM}
}

@article{de2017operator,
  title={Operator algebraic approach to inverse and stability theorems for amenable groups},
  author={De Chiffre, Marcus and Ozawa, Narutaka and Thom, Andreas},
  journal={arXiv preprint arXiv:1706.04544},
  year={2017}
}

@article{or2004non,
  title={Non-abelian homomorphism testing, and distributions close to their self-convolutions},
  author={Or, Michael Ben and Coppersmith, Don and Luby, Mike and Rubinfeld, Ronitt},
  journal={Lecture notes in computer science},
  pages={273--285},
  year={2004},
  publisher={Springer}
}

@inproceedings{deutsch1985quantum,
  title={Quantum theory, the Church--Turing principle and the universal quantum computer},
  author={Deutsch, David},
  booktitle={Proc. R. Soc. Lond. A},
  volume={400},
  number={1818},
  pages={97--117},
  year={1985},
  organization={The Royal Society}
}

@article{bernstein1997quantum,
  title={Quantum complexity theory},
  author={Bernstein, Ethan and Vazirani, Umesh},
  journal={SIAM Journal on Computing},
  volume={26},
  number={5},
  pages={1411--1473},
  year={1997},
  publisher={SIAM}
}

@inproceedings{deutsch1989quantum,
  title={Quantum computational networks},
  author={Deutsch, David},
  booktitle={Proc. R. Soc. Lond. A},
  volume={425},
  number={1868},
  pages={73--90},
  year={1989},
  organization={The Royal Society}
}

@inproceedings{yao1993quantum,
  title={Quantum circuit complexity},
  author={Yao, A Chi-Chih},
  booktitle={Foundations of Computer Science, 1993. Proceedings., 34th Annual Symposium on},
  pages={352--361},
  year={1993},
  organization={IEEE}
}

@article{bouland2017trading,
  title={Trading inverses for an irrep in the Solovay-Kitaev theorem},
  author={Bouland, Adam and Ozols, Maris},
  journal={arXiv preprint arXiv:1712.09798},
  year={2017}
}

@article{ozols2009solovay,
  title={The Solovay-Kitaev theorem},
  author={Ozols, Maris},
  journal={Essay at University of Waterloo},
  year={2009}
}

@article{fefferman2016complete,
  title={A complete characterization of unitary quantum space},
  author={Fefferman, Bill and Lin, Cedric Yen-Yu},
  journal={arXiv preprint arXiv:1604.01384},
  year={2016}
}

@article{watrous2003complexity,
  title={On the complexity of simulating space-bounded quantum computations},
  author={Watrous, John},
  journal={Computational Complexity},
  volume={12},
  number={1-2},
  pages={48--84},
  year={2003},
  publisher={Springer}
}

@incollection{watrous2009quantum,
  title={Quantum computational complexity},
  author={Watrous, John},
  booktitle={Encyclopedia of complexity and systems science},
  pages={7174--7201},
  year={2009},
  publisher={Springer}
}

@article{bennett1997strengths,
  title={Strengths and weaknesses of quantum computing},
  author={Bennett, Charles H and Bernstein, Ethan and Brassard, Gilles and Vazirani, Umesh},
  journal={SIAM journal on Computing},
  volume={26},
  number={5},
  pages={1510--1523},
  year={1997},
  publisher={SIAM}
}

@inproceedings{aaronson2010bqp,
  title={BQP and the polynomial hierarchy},
  author={Aaronson, Scott},
  booktitle={Proceedings of the forty-second ACM symposium on Theory of computing},
  pages={141--150},
  year={2010},
  organization={ACM}
}

@book{aharonov2013quantum,
  title={Is quantum mechanics falsifiable? A computational perspective on the foundations of quantum mechanics},
  author={Aharonov, Dorit and Vazirani, Umesh},
  year={2013},
  publisher={Computability: Turing, G{\"o}del, Church, and Beyond. MIT Press}
}

@article{dinur2007pcp,
  title={The PCP theorem by gap amplification},
  author={Dinur, Irit},
  journal={Journal of the ACM (JACM)},
  volume={54},
  number={3},
  pages={12},
  year={2007},
  publisher={ACM}
}

@article{wu2016device,
  title={Device-independent parallel self-testing of two singlets},
  author={Wu, Xingyao and Bancal, Jean-Daniel and McKague, Matthew and Scarani, Valerio},
  journal={Physical Review A},
  volume={93},
  number={6},
  pages={062121},
  year={2016},
  publisher={APS}
}

@inproceedings{aharonov2009detectability,
  title={The detectability lemma and quantum gap amplification},
  author={Aharonov, Dorit and Arad, Itai and Landau, Zeph and Vazirani, Umesh},
  booktitle={Proceedings of the forty-first annual ACM symposium on Theory of computing},
  pages={417--426},
  year={2009},
  organization={ACM}
}

@article{aharonov2013guest,
  title={Guest column: the quantum PCP conjecture},
  author={Aharonov, Dorit and Arad, Itai and Vidick, Thomas},
  journal={Acm sigact news},
  volume={44},
  number={2},
  pages={47--79},
  year={2013},
  publisher={ACM}
}

@article{bravyi2011efficient,
  title={Efficient algorithm for a quantum analogue of 2-SAT},
  author={Bravyi, Sergey},
  journal={Contemporary Mathematics},
  volume={536},
  pages={33--48},
  year={2011}
}

@article{haastad2001some,
  title={Some optimal inapproximability results},
  author={H{\aa}stad, Johan},
  journal={Journal of the ACM (JACM)},
  volume={48},
  number={4},
  pages={798--859},
  year={2001},
  publisher={ACM}
}

@inproceedings{babai1990nondeterministic,
  title={Nondeterministic exponential time has two-prover interactive protocols},
  author={Babai, L{\'a}szl{\'o} and Fortnow, Lance and Lund, Carsten},
  booktitle={Foundations of Computer Science, 1990. Proceedings., 31st Annual Symposium on},
  pages={16--25},
  year={1990},
  organization={IEEE}
}

@article{vidick2016quantum,
  title={Quantum proofs},
  author={Vidick, Thomas and Watrous, John and others},
  journal={Foundations and Trends{\textregistered} in Theoretical Computer Science},
  volume={11},
  number={1-2},
  pages={1--215},
  year={2016},
  publisher={Now Publishers, Inc.}
}

@book{kitaev2002classical,
  title={Classical and quantum computation},
  author={Kitaev, Alexei Yu and Shen, Alexander and Vyalyi, Mikhail N},
  number={47},
  year={2002},
  publisher={American Mathematical Soc.}
}


@article{fefferman2015power,
  title={The power of quantum fourier sampling},
  author={Fefferman, Bill and Umans, Chris},
  journal={arXiv preprint arXiv:1507.05592},
  year={2015}
}


@article{kashefi2017quantum,
  title={The Quantum Cut-and-Choose Technique and Quantum Two-Party Computation},
  author={Kashefi, Elham and Music, Luka and Wallden, Petros},
  journal={arXiv preprint arXiv:1703.03754},
  year={2017}
}

@article{slofstra2017set,
  title={The set of quantum correlations is not closed},
  author={Slofstra, William},
  journal={arXiv preprint arXiv:1703.08618},
  year={2017}
}

@article{jain2011qip,
  title={Qip= pspace},
  author={Jain, Rahul and Ji, Zhengfeng and Upadhyay, Sarvagya and Watrous, John},
  journal={Journal of the ACM (JACM)},
  volume={58},
  number={6},
  pages={30},
  year={2011},
  publisher={ACM}
}

@article{kempe2009using,
  title={Using entanglement in quantum multi-prover interactive proofs},
  author={Kempe, Julia and Kobayashi, Hirotada and Matsumoto, Keiji and Vidick, Thomas},
  journal={Computational Complexity},
  volume={18},
  number={2},
  pages={273--307},
  year={2009},
  publisher={Springer}
}

@article{dawson2005solovay,
  title={The solovay-kitaev algorithm},
  author={Dawson, Christopher M and Nielsen, Michael A},
  journal={arXiv preprint quant-ph/0505030},
  year={2005}
}

@inproceedings{fitzsimons2015multiprover,
  title={A multiprover interactive proof system for the local Hamiltonian problem},
  author={Fitzsimons, Joseph and Vidick, Thomas},
  booktitle={Proceedings of the 2015 Conference on Innovations in Theoretical Computer Science},
  pages={103--112},
  year={2015},
  organization={ACM}
}

@article{coudron2016parallel,
  title={The parallel-repeated magic square game is rigid},
  author={Coudron, Matthew and Natarajan, Anand},
  journal={arXiv preprint arXiv:1609.06306},
  year={2016}
}